@Book{DeepLearingGo,
	author = {Max Pumperla, Kevin Ferguson},
	title = {Deep Learning and the Game of Go},
	publisher = {Manning},
	year = {2019}
}

@Book{KuenstlicheIntelligenzNorvig,
	author = {Stuart Russell},
	title = {KÃ¼nstliche Intelligenz ein moderner Ansatz},
	publisher = {Pearson},
	year = {2012}
}

@techreport{MinimaxComparison,
  author      = {M. S. Campbell, T. A. Marsland},
  title       = {A Comparison of Minimax Tree Search Algorithms},
  institution = {University of Alberta},
  year        = {1982}
}

@techreport{IterativeDeepening,
  author      = {Richard E. Korf},
  title       = {Depth-First Iterative-Deepening: An Optimal Admissible Tree Search},
  institution = {University of Columbia},
  year        = {1985}
}

@techreport{AlphaBeta,
  author      = {Shubhendra Pal Singhal, M. Sridevi},
  title       = {Comparative study of performance of parallel Alpha Beta Pruning for different architectures},
  institution = {National Institute of Technology, Tiruchirappalli},
}

@Book{RequirementEngenieering,
	author = {Helmut Balzert},
	title = {Lehrbuch der Softwaretechnik: Basiskonzepte und Requirements Engineering (German Edition)},
	publisher = {Spektrum Akademischer Verlag},
	year = {2009}
}

@ONLINE{InternationalCheckersRules,
	title = {\texttt{World Draughts Federation}},
	url = {http://www.fmjd.org/?p=v-100},
	note = {official FMJD rules for international draughts 100},
	keywords = {online}
}

@ONLINE{DraughtsHistory,
	title = {\texttt{Mindsports}},
	url = {http://www.mindsports.nl/index.php/arena/draughts/478-the-history-of-draughts},
	note = {Die Geschichte von Dame},
	keywords = {online}
}